@book{pearl_2009, place={Cambridge}, edition={2}, title={Causality}, DOI={10.1017/CBO9780511803161}, publisher={Cambridge University Press}, author={Pearl, Judea}, year={2009}}