@article{greenwade93,
    author  = "George D. Greenwade",
    title   = "The {C}omprehensive {T}ex {A}rchive {N}etwork ({CTAN})",
    year    = "1993",
    journal = "TUGBoat",
    volume  = "14",
    number  = "3",
    pages   = "342--351"
}

@misc{everitt2021agent,
      title={Agent Incentives: A Causal Perspective}, 
      author={Tom Everitt and Ryan Carey and Eric Langlois and Pedro A Ortega and Shane Legg},
      year={2021},
      eprint={2102.01685},
      archivePrefix={arXiv},
      primaryClass={cs.AI}
}
